<?xml version="1.0" encoding="UTF-8"?><collection xmlns="http://www.loc.gov/MARC21/slim"><record><leader>00348nam--2200121-i-4500</leader><controlfield tag="001">000029006</controlfield><controlfield tag="002">20161230</controlfield><controlfield tag="005">20161230201037</controlfield><controlfield tag="008">060222s1000------------r-----000-0-eng-d</controlfield><datafield ind1=" " ind2=" " tag="245"><subfield code="a">Laboratory planning for chemistry and chemical engineering</subfield></datafield><datafield ind1=" " ind2=" " tag="260"><subfield code="a">New York, Reinhold Publishing Corp., 1962. Xiii + 522p</subfield></datafield><datafield ind1=" " ind2=" " tag="700"><subfield code="a">Lewis, Harry F</subfield></datafield><datafield ind1=" " ind2=" " tag="852"><subfield code="a">19081</subfield></datafield></record></collection>